<?xml version="1.0" encoding="UTF-8"?>
<collection>
   <record>
      <leader>01337cam a2200385Ia 4500</leader>
      <controlfield tag="001">9915429476407426</controlfield>
      <controlfield tag="005">20221101165537.0</controlfield>
      <controlfield tag="008">910615s1887    miu          s000 0 eng d</controlfield>
      <datafield tag="016" ind1="7" ind2=" ">
         <subfield code="a">CAT91255221</subfield>
         <subfield code="2">DNAL</subfield>
      </datafield>
      <datafield tag="035" ind1=" " ind2=" ">
         <subfield code="a">494229</subfield>
      </datafield>
      <datafield tag="035" ind1=" " ind2=" ">
         <subfield code="a">(OCoLC)23228197</subfield>
      </datafield>
      <datafield tag="035" ind1=" " ind2=" ">
         <subfield code="a">(DNAL)494229-naldb-Voyager</subfield>
      </datafield>
      <datafield tag="040" ind1=" " ind2=" ">
         <subfield code="a">RQF</subfield>
         <subfield code="b">eng</subfield>
         <subfield code="c">RQF</subfield>
         <subfield code="d">AGL</subfield>
         <subfield code="d">OCLCQ</subfield>
         <subfield code="d">OCLCF</subfield>
         <subfield code="d">OCLCQ</subfield>
         <subfield code="d">OCLCO</subfield>
      </datafield>
      <datafield tag="049" ind1=" " ind2=" ">
         <subfield code="a">AGLY</subfield>
      </datafield>
      <datafield tag="070" ind1="0" ind2=" ">
         <subfield code="a">100</subfield>
         <subfield code="b">M58S no.25</subfield>
      </datafield>
      <datafield tag="072" ind1=" " ind2=" ">
         <subfield code="a">L840</subfield>
      </datafield>
      <datafield tag="072" ind1=" " ind2=" ">
         <subfield code="a">L500</subfield>
      </datafield>
      <datafield tag="100" ind1="1" ind2=" ">
         <subfield code="a">Grange, E. A. A.</subfield>
      </datafield>
      <datafield tag="245" ind1="1" ind2="0">
         <subfield code="a">Laminitis :</subfield>
         <subfield code="b">a disease of the foot of the horse, frequently occurring in the summer season /</subfield>
         <subfield code="c">[by E.A.A. Grange].</subfield>
      </datafield>
      <datafield tag="260" ind1=" " ind2=" ">
         <subfield code="a">[Lansing] :</subfield>
         <subfield code="b">Agricultural College of Michigan,</subfield>
         <subfield code="c">[1887]</subfield>
      </datafield>
      <datafield tag="300" ind1=" " ind2=" ">
         <subfield code="a">6 pages ;</subfield>
         <subfield code="c">24 cm.</subfield>
      </datafield>
      <datafield tag="336" ind1=" " ind2=" ">
         <subfield code="a">text</subfield>
         <subfield code="b">txt</subfield>
         <subfield code="2">rdacontent</subfield>
      </datafield>
      <datafield tag="337" ind1=" " ind2=" ">
         <subfield code="a">unmediated</subfield>
         <subfield code="b">n</subfield>
         <subfield code="2">rdamedia</subfield>
      </datafield>
      <datafield tag="338" ind1=" " ind2=" ">
         <subfield code="a">volume</subfield>
         <subfield code="b">nc</subfield>
         <subfield code="2">rdacarrier</subfield>
      </datafield>
      <datafield tag="490" ind1="1" ind2=" ">
         <subfield code="a">Bulletin / Agricultural College of Michigan ;</subfield>
         <subfield code="v">no. 25</subfield>
      </datafield>
      <datafield tag="591" ind1=" " ind2=" ">
         <subfield code="b">NAL Reclamation</subfield>
      </datafield>
      <datafield tag="650" ind1=" " ind2="0">
         <subfield code="a">Laminitis.</subfield>
         <subfield code="0">http://id.loc.gov/authorities/subjects/sh85074223</subfield>
      </datafield>
      <datafield tag="830" ind1=" " ind2="0">
         <subfield code="a">Bulletin (State Agricultural College (Mich.). Experiment Station) ;</subfield>
         <subfield code="v">no. 25.</subfield>
      </datafield>
      <datafield tag="841" ind1=" " ind2=" ">
         <subfield code="a">x   </subfield>
         <subfield code="b">9106100u    0   4   uu   1910610</subfield>
         <subfield code="e">z</subfield>
      </datafield>
      <datafield tag="852" ind1=" " ind2=" ">
         <subfield code="a">DNAL</subfield>
         <subfield code="i">100 M58S no.25</subfield>
      </datafield>
      <datafield tag="912" ind1=" " ind2=" ">
         <subfield code="a">nalcatalog</subfield>
      </datafield>
      <datafield tag="930" ind1=" " ind2=" ">
         <subfield code="a">00000000</subfield>
         <subfield code="b">00000000</subfield>
         <subfield code="c">00000000</subfield>
      </datafield>
      <datafield tag="945" ind1=" " ind2=" ">
         <subfield code="a">UIU</subfield>
      </datafield>
      <datafield tag="946" ind1=" " ind2=" ">
         <subfield code="a">State experiment station</subfield>
      </datafield>
      <datafield tag="994" ind1=" " ind2=" ">
         <subfield code="a">92</subfield>
         <subfield code="b">AGL</subfield>
      </datafield>
   </record>
</collection>
